<?xml version="1.0" encoding="UTF-8"?>
<collection xmlns="http://www.loc.gov/MARC21/slim">

<!-- Title Search fields - all subfields -->    
    
    <!-- 2xx vern except 240, all search subfields -->
    <record>
        <leader>66662cim  2200457Ia 45í0</leader>
        <controlfield tag="001">a2xxVernSearch</controlfield>
        <controlfield tag="008">041202s2000    mdunnn  s      f    eng d</controlfield>
        <datafield tag="130" ind1="1" ind2=" ">
            <subfield code="6">880-01</subfield>
            <subfield code="a">130a</subfield>
        </datafield>   
        <datafield tag="210" ind1="1" ind2=" ">
            <subfield code="6">880-02</subfield>
            <subfield code="a">210a</subfield>
        </datafield>   
        <datafield tag="222" ind1="1" ind2=" ">
            <subfield code="6">880-03</subfield>
            <subfield code="a">222a</subfield>
        </datafield>   
        <datafield tag="242" ind1="1" ind2=" ">
            <subfield code="6">880-04</subfield>
            <subfield code="a">242a</subfield>
        </datafield>   
        <datafield tag="243" ind1="1" ind2=" ">
            <subfield code="6">880-05</subfield>
            <subfield code="a">243a</subfield>
        </datafield>   
        <datafield tag="245" ind1="1" ind2=" ">
            <subfield code="6">880-06</subfield>
            <subfield code="a">2xx title search fields for vernacular, except for 240 -- all subfields</subfield>
        </datafield>   
        <datafield tag="246" ind1="1" ind2=" ">
            <subfield code="6">880-07</subfield>
            <subfield code="a">246a</subfield>
        </datafield>   
        <datafield tag="247" ind1="1" ind2=" ">
            <subfield code="6">880-08</subfield>
            <subfield code="a">247a</subfield>
        </datafield>   
        <datafield tag="880" ind1="1" ind2=" ">
            <subfield code="6">130-01</subfield>
            <subfield code="a">vern130a</subfield>
            <subfield code="d">vern130d</subfield>
            <subfield code="f">vern130f</subfield>
            <subfield code="g">vern130g</subfield>
            <subfield code="k">vern130k</subfield>
            <subfield code="l">vern130l</subfield>
            <subfield code="m">vern130m</subfield>
            <subfield code="n">vern130n</subfield>
            <subfield code="o">vern130o</subfield>
            <subfield code="p">vern130p</subfield>
            <subfield code="q">nope</subfield>
            <subfield code="r">vern130r</subfield>
            <subfield code="s">vern130s</subfield>
            <subfield code="t">vern130t</subfield>
        </datafield>   
        <datafield tag="880" ind1="1" ind2=" ">
            <subfield code="6">210-02</subfield>
            <subfield code="a">vern210a</subfield>
            <subfield code="b">vern210b</subfield>
            <subfield code="f">nope</subfield>
        </datafield>
        <datafield tag="880" ind1="1" ind2=" ">
            <subfield code="6">222-03</subfield>
            <subfield code="a">vern222a</subfield>
            <subfield code="b">vern222b</subfield>
            <subfield code="f">nope</subfield>
        </datafield>
        <datafield tag="880" ind1="1" ind2=" ">
            <subfield code="6">242-04</subfield>
            <subfield code="a">vern242a</subfield>
            <subfield code="b">vern242b</subfield>
            <subfield code="f">nope</subfield>
            <subfield code="n">vern242n</subfield>
            <subfield code="p">vern242p</subfield>
        </datafield>
        <datafield tag="880" ind1="1" ind2=" ">
            <subfield code="6">243-05</subfield>
            <subfield code="a">vern243a</subfield>
            <subfield code="d">vern243d</subfield>
            <subfield code="f">vern243f</subfield>
            <subfield code="g">vern243g</subfield>
            <subfield code="k">vern243k</subfield>
            <subfield code="l">vern243l</subfield>
            <subfield code="m">vern243m</subfield>
            <subfield code="n">vern243n</subfield>
            <subfield code="o">vern243o</subfield>
            <subfield code="p">vern243p</subfield>
            <subfield code="q">nope</subfield>
            <subfield code="r">vern243r</subfield>
            <subfield code="s">vern243s</subfield>
            <subfield code="t">nope</subfield>
        </datafield>   
        <datafield tag="880" ind1="1" ind2=" ">
            <subfield code="6">245-06</subfield>
            <subfield code="a">vern245a</subfield>
            <subfield code="b">vern245b</subfield>
            <subfield code="c">nope</subfield>
            <subfield code="f">vern245f</subfield>
            <subfield code="g">vern245g</subfield>
            <subfield code="k">vern245k</subfield>
            <subfield code="m">nope</subfield>
            <subfield code="n">vern245n</subfield>
            <subfield code="o">nope</subfield>
            <subfield code="p">vern245p</subfield>
            <subfield code="r">nope</subfield>
            <subfield code="s">vern245s</subfield>
            <subfield code="t">nope</subfield>
        </datafield>   
        <datafield tag="880" ind1="1" ind2=" ">
            <subfield code="6">246-07</subfield>
            <subfield code="a">vern246a</subfield>
            <subfield code="b">vern246b</subfield>
            <subfield code="d">nope</subfield>
            <subfield code="f">vern246f</subfield>
            <subfield code="g">vern246g</subfield>
            <subfield code="n">vern246n</subfield>
            <subfield code="p">vern246p</subfield>
        </datafield>
        <datafield tag="880" ind1="1" ind2=" ">
            <subfield code="6">247-08</subfield>
            <subfield code="a">vern247a</subfield>
            <subfield code="b">vern247b</subfield>
            <subfield code="d">nope</subfield>
            <subfield code="f">vern247f</subfield>
            <subfield code="g">vern247g</subfield>
            <subfield code="n">vern247n</subfield>
            <subfield code="p">vern247p</subfield>
        </datafield>
    </record>