
    <!-- 240 search subfields -->
    <record>
        <leader>66662cim  2200457Ia 45í0</leader>
        <controlfield tag="001">a240VernSearch</controlfield>
        <controlfield tag="008">041202s2000    mdunnn  s      f    eng d</controlfield>
        <datafield tag="240" ind1="1" ind2=" ">
            <subfield code="6">880-01</subfield>
            <subfield code="a">240a</subfield>
        </datafield>   
        <datafield tag="245" ind1="1" ind2=" ">
            <subfield code="a">testing 240 vernacular - all searching subfields</subfield>
        </datafield>   
        <datafield tag="880" ind1="1" ind2=" ">
            <subfield code="6">240-01</subfield>
            <subfield code="a">vern240a</subfield>
            <subfield code="d">vern240d</subfield>
            <subfield code="f">vern240f</subfield>
            <subfield code="g">vern240g</subfield>
            <subfield code="k">vern240k</subfield>
            <subfield code="l">vern240l</subfield>
            <subfield code="m">vern240m</subfield>
            <subfield code="n">vern240n</subfield>
            <subfield code="o">vern240o</subfield>
            <subfield code="p">vern240p</subfield>
            <subfield code="q">nope</subfield>
            <subfield code="r">vern240r</subfield>
            <subfield code="s">vern240s</subfield>
            <subfield code="t">nope</subfield>
        </datafield>   
    </record>