   
    <!-- 4xx search subfields -->
    <record>
        <leader>66662cim  2200457Ia 45í0</leader>
        <controlfield tag="001">a4xxVernSearch</controlfield>
        <controlfield tag="008">041202s2000    mdunnn  s      f    eng d</controlfield>
        <datafield tag="245" ind1="1" ind2=" ">
            <subfield code="a">testing 4xx title vernacular - all searching subfields</subfield>
        </datafield>   
        <datafield tag="440" ind1="1" ind2=" ">
            <subfield code="6">880-01</subfield>
            <subfield code="a">440a</subfield>
        </datafield>   
        <datafield tag="490" ind1="1" ind2=" ">
            <subfield code="6">880-02</subfield>
            <subfield code="a">490a</subfield>
        </datafield>   
        <datafield tag="880" ind1="1" ind2=" ">
            <subfield code="6">440-01</subfield>
            <subfield code="a">vern440a</subfield>
            <subfield code="d">nope</subfield>
            <subfield code="n">vern440n</subfield>
            <subfield code="o">nope</subfield>
            <subfield code="p">vern440p</subfield>
            <subfield code="q">nope</subfield>
            <subfield code="t">nope</subfield>
            <subfield code="v">vern440v</subfield>
        </datafield>   
        <datafield tag="880" ind1="1" ind2=" ">
            <subfield code="6">490-02</subfield>
            <subfield code="a">vern490a</subfield>
            <subfield code="n">nope</subfield>
            <subfield code="p">nope</subfield>
            <subfield code="v">vern490v</subfield>
        </datafield>   
    </record>