
    <!-- 700-740 search subfields -->
    <record>
        <leader>66662cim  2200457Ia 45í0</leader>
        <controlfield tag="001">a7xxLowVernSearch</controlfield>
        <controlfield tag="008">041202s2000    mdunnn  s      f    eng d</controlfield>
        <datafield tag="245" ind1="1" ind2=" ">
            <subfield code="a">testing 700-740 title vernacular - all searching subfields</subfield>
        </datafield>   
        <datafield tag="700" ind1="1" ind2=" ">
            <subfield code="6">880-01</subfield>
            <subfield code="a">700a</subfield>
        </datafield>   
        <datafield tag="710" ind1="1" ind2=" ">
            <subfield code="6">880-02</subfield>
            <subfield code="a">710a</subfield>
        </datafield>   
        <datafield tag="711" ind1="1" ind2=" ">
            <subfield code="6">880-03</subfield>
            <subfield code="a">711a</subfield>
        </datafield>   
        <datafield tag="730" ind1="1" ind2=" ">
            <subfield code="6">880-04</subfield>
            <subfield code="a">730a</subfield>
        </datafield>   
        <datafield tag="740" ind1="1" ind2=" ">
            <subfield code="6">880-05</subfield>
            <subfield code="a">740a</subfield>
        </datafield>   
        <datafield tag="880" ind1="1" ind2=" ">
            <subfield code="6">700-01</subfield>
            <subfield code="f">vern700f</subfield>
            <subfield code="g">vern700g</subfield>
            <subfield code="h">nope</subfield>
            <subfield code="j">vern700j</subfield>
            <subfield code="k">vern700k</subfield>
            <subfield code="l">vern700l</subfield>
            <subfield code="m">vern700m</subfield>
            <subfield code="n">vern700n</subfield>
            <subfield code="o">vern700o</subfield>
            <subfield code="p">vern700p</subfield>
            <subfield code="q">nope</subfield>
            <subfield code="r">vern700r</subfield>
            <subfield code="s">vern700s</subfield>
            <subfield code="t">vern700t</subfield>
            <subfield code="v">nope</subfield>
        </datafield>   
        <datafield tag="880" ind1="1" ind2=" ">
            <subfield code="6">710-02</subfield>
            <subfield code="d">vern710d</subfield>
            <subfield code="f">vern710f</subfield>
            <subfield code="g">vern710g</subfield>
            <subfield code="h">nope</subfield>
            <subfield code="j">nope</subfield>
            <subfield code="k">vern710k</subfield>
            <subfield code="l">vern710l</subfield>
            <subfield code="m">vern710m</subfield>
            <subfield code="n">vern710n</subfield>
            <subfield code="o">vern710o</subfield>
            <subfield code="p">vern710p</subfield>
            <subfield code="q">nope</subfield>
            <subfield code="r">vern710r</subfield>
            <subfield code="s">vern710s</subfield>
            <subfield code="t">vern710t</subfield>
            <subfield code="v">nope</subfield>
        </datafield>   
        <datafield tag="880" ind1="1" ind2=" ">
            <subfield code="6">711-03</subfield>
            <subfield code="f">vern711f</subfield>
            <subfield code="g">vern711g</subfield>
            <subfield code="j">nope</subfield>
            <subfield code="k">vern711k</subfield>
            <subfield code="l">vern711l</subfield>
            <subfield code="m">nope</subfield>
            <subfield code="n">vern711n</subfield>
            <subfield code="o">npe</subfield>
            <subfield code="p">vern711p</subfield>
            <subfield code="r">nope</subfield>
            <subfield code="s">vern711s</subfield>
            <subfield code="t">vern711t</subfield>
        </datafield>   
        <datafield tag="880" ind1="1" ind2=" ">
            <subfield code="6">730-04</subfield>
            <subfield code="f">vern730a</subfield>
            <subfield code="f">vern730d</subfield>
            <subfield code="f">vern730f</subfield>
            <subfield code="g">vern730g</subfield>
            <subfield code="j">nope</subfield>
            <subfield code="k">vern730k</subfield>
            <subfield code="l">vern730l</subfield>
            <subfield code="m">vern730m</subfield>
            <subfield code="n">vern730n</subfield>
            <subfield code="o">vern730o</subfield>
            <subfield code="p">vern730p</subfield>
            <subfield code="q">nope</subfield>
            <subfield code="r">vern730r</subfield>
            <subfield code="s">vern730s</subfield>
            <subfield code="t">vern730t</subfield>
            <subfield code="v">nope</subfield>
        </datafield>   
        <datafield tag="880" ind1="1" ind2=" ">
            <subfield code="6">740-05</subfield>
            <subfield code="a">vern740a</subfield>
            <subfield code="d">nope</subfield>
            <subfield code="n">vern740n</subfield>
            <subfield code="p">vern740p</subfield>
        </datafield>   
    </record>