    
    <!-- 76x search subfields -->
    <record>
        <leader>66662cim  2200457Ia 45í0</leader>
        <controlfield tag="001">a76xVernSearch</controlfield>
        <controlfield tag="008">041202s2000    mdunnn  s      f    eng d</controlfield>
        <datafield tag="245" ind1="1" ind2=" ">
            <subfield code="a">testing 76x title vernacular - all searching subfields</subfield>
        </datafield>   
        <datafield tag="760" ind1="1" ind2=" ">
            <subfield code="6">880-01</subfield>
            <subfield code="a">760a</subfield>
        </datafield>   
        <datafield tag="762" ind1="1" ind2=" ">
            <subfield code="6">880-02</subfield>
            <subfield code="a">762a</subfield>
        </datafield>   
        <datafield tag="765" ind1="1" ind2=" ">
            <subfield code="6">880-03</subfield>
            <subfield code="a">765a</subfield>
        </datafield>   
        <datafield tag="767" ind1="1" ind2=" ">
            <subfield code="6">880-04</subfield>
            <subfield code="a">767a</subfield>
        </datafield>   
        <datafield tag="880" ind1="1" ind2=" ">
            <subfield code="6">760-01</subfield>
            <subfield code="a">nope</subfield>
            <subfield code="s">vern760s</subfield>
            <subfield code="t">vern760t</subfield>
        </datafield>   
        <datafield tag="880" ind1="1" ind2=" ">
            <subfield code="6">762-02</subfield>
            <subfield code="a">nope</subfield>
            <subfield code="s">vern762s</subfield>
            <subfield code="t">vern762t</subfield>
        </datafield>   
        <datafield tag="880" ind1="1" ind2=" ">
            <subfield code="6">765-03</subfield>
            <subfield code="a">nope</subfield>
            <subfield code="s">vern765s</subfield>
            <subfield code="t">vern765t</subfield>
        </datafield>   
        <datafield tag="880" ind1="1" ind2=" ">
            <subfield code="6">767-04</subfield>
            <subfield code="a">nope</subfield>
            <subfield code="s">vern767s</subfield>
            <subfield code="t">vern767t</subfield>
        </datafield>   
    </record>