    
    <!-- 77x search subfields -->
    <record>
        <leader>66662cim  2200457Ia 45í0</leader>
        <controlfield tag="001">a77xVernSearch</controlfield>
        <controlfield tag="008">041202s2000    mdunnn  s      f    eng d</controlfield>
        <datafield tag="245" ind1="1" ind2=" ">
            <subfield code="a">testing 77x title vernacular - all searching subfields</subfield>
        </datafield>   
        <datafield tag="770" ind1="1" ind2=" ">
            <subfield code="6">880-01</subfield>
            <subfield code="a">770a</subfield>
        </datafield>   
        <datafield tag="772" ind1="1" ind2=" ">
            <subfield code="6">880-02</subfield>
            <subfield code="a">772a</subfield>
        </datafield>   
        <datafield tag="773" ind1="1" ind2=" ">
            <subfield code="6">880-03</subfield>
            <subfield code="a">773a</subfield>
        </datafield>   
        <datafield tag="774" ind1="1" ind2=" ">
            <subfield code="6">880-04</subfield>
            <subfield code="a">774a</subfield>
        </datafield>   
        <datafield tag="775" ind1="1" ind2=" ">
            <subfield code="6">880-06</subfield>
            <subfield code="a">775a</subfield>
        </datafield>   
        <datafield tag="776" ind1="1" ind2=" ">
            <subfield code="6">880-06</subfield>
            <subfield code="a">776a</subfield>
        </datafield>   
        <datafield tag="777" ind1="1" ind2=" ">
            <subfield code="6">880-07</subfield>
            <subfield code="a">777a</subfield>
        </datafield>   
        <datafield tag="880" ind1="1" ind2=" ">
            <subfield code="6">770-01</subfield>
            <subfield code="a">nope</subfield>
            <subfield code="s">vern770s</subfield>
            <subfield code="t">vern770t</subfield>
        </datafield>   
        <datafield tag="880" ind1="1" ind2=" ">
            <subfield code="6">772-02</subfield>
            <subfield code="a">nope</subfield>
            <subfield code="s">vern772s</subfield>
            <subfield code="t">vern772t</subfield>
        </datafield>   
        <datafield tag="880" ind1="1" ind2=" ">
            <subfield code="6">773-03</subfield>
            <subfield code="a">nope</subfield>
            <subfield code="s">vern773s</subfield>
            <subfield code="t">vern773t</subfield>
        </datafield>   
        <datafield tag="880" ind1="1" ind2=" ">
            <subfield code="6">774-04</subfield>
            <subfield code="a">nope</subfield>
            <subfield code="s">vern774s</subfield>
            <subfield code="t">vern774t</subfield>
        </datafield>   
        <datafield tag="880" ind1="1" ind2=" ">
            <subfield code="6">775-05</subfield>
            <subfield code="a">nope</subfield>
            <subfield code="s">vern775s</subfield>
            <subfield code="t">vern775t</subfield>
        </datafield>   
        <datafield tag="880" ind1="1" ind2=" ">
            <subfield code="6">776-06</subfield>
            <subfield code="a">nope</subfield>
            <subfield code="s">vern776s</subfield>
            <subfield code="t">vern776t</subfield>
        </datafield>   
        <datafield tag="880" ind1="1" ind2=" ">
            <subfield code="6">777-07</subfield>
            <subfield code="a">nope</subfield>
            <subfield code="s">vern777s</subfield>
            <subfield code="t">vern777t</subfield>
        </datafield>   
    </record>