
    <!-- 78x search subfields -->
    <record>
        <leader>66662cim  2200457Ia 45í0</leader>
        <controlfield tag="001">a78xVernSearch</controlfield>
        <controlfield tag="008">041202s2000    mdunnn  s      f    eng d</controlfield>
        <datafield tag="245" ind1="1" ind2=" ">
            <subfield code="a">testing 78x title vernacular - all searching subfields</subfield>
        </datafield>   
        <datafield tag="780" ind1="1" ind2=" ">
            <subfield code="6">880-01</subfield>
            <subfield code="a">780a</subfield>
        </datafield>   
        <datafield tag="785" ind1="1" ind2=" ">
            <subfield code="6">880-02</subfield>
            <subfield code="a">785a</subfield>
        </datafield>   
        <datafield tag="786" ind1="1" ind2=" ">
            <subfield code="6">880-03</subfield>
            <subfield code="a">786a</subfield>
        </datafield>   
        <datafield tag="787" ind1="1" ind2=" ">
            <subfield code="6">880-04</subfield>
            <subfield code="a">787a</subfield>
        </datafield>   
        <datafield tag="880" ind1="1" ind2=" ">
            <subfield code="6">780-01</subfield>
            <subfield code="a">nope</subfield>
            <subfield code="s">vern780s</subfield>
            <subfield code="t">vern780t</subfield>
        </datafield>   
        <datafield tag="880" ind1="1" ind2=" ">
            <subfield code="6">785-02</subfield>
            <subfield code="a">nope</subfield>
            <subfield code="s">vern785s</subfield>
            <subfield code="t">vern785t</subfield>
        </datafield>   
        <datafield tag="880" ind1="1" ind2=" ">
            <subfield code="6">786-03</subfield>
            <subfield code="a">nope</subfield>
            <subfield code="s">vern786s</subfield>
            <subfield code="t">vern786t</subfield>
        </datafield>   
        <datafield tag="880" ind1="1" ind2=" ">
            <subfield code="6">787-04</subfield>
            <subfield code="a">nope</subfield>
            <subfield code="s">vern787s</subfield>
            <subfield code="t">vern787t</subfield>
        </datafield>   
    </record>