
    <!-- 79x search subfields -->
    <record>
        <leader>66662cim  2200457Ia 45í0</leader>
        <controlfield tag="001">a79xVernSearch</controlfield>
        <controlfield tag="008">041202s2000    mdunnn  s      f    eng d</controlfield>
        <datafield tag="245" ind1="1" ind2=" ">
            <subfield code="a">testing 79x title vernacular - all searching subfields</subfield>
        </datafield>   
        <datafield tag="796" ind1="1" ind2=" ">
            <subfield code="6">880-01</subfield>
            <subfield code="a">796a</subfield>
        </datafield>   
        <datafield tag="797" ind1="1" ind2=" ">
            <subfield code="6">880-02</subfield>
            <subfield code="a">797a</subfield>
        </datafield>   
        <datafield tag="798" ind1="1" ind2=" ">
            <subfield code="6">880-03</subfield>
            <subfield code="a">798a</subfield>
        </datafield>   
        <datafield tag="799" ind1="1" ind2=" ">
            <subfield code="6">880-04</subfield>
            <subfield code="a">799a</subfield>
        </datafield>   
        <datafield tag="880" ind1="1" ind2=" ">
            <subfield code="6">796-01</subfield>
            <subfield code="f">vern796f</subfield>
            <subfield code="g">vern796g</subfield>
            <subfield code="h">nope</subfield>
            <subfield code="j">vern796j</subfield>
            <subfield code="k">vern796k</subfield>
            <subfield code="l">vern796l</subfield>
            <subfield code="m">vern796m</subfield>
            <subfield code="n">vern796n</subfield>
            <subfield code="o">vern796o</subfield>
            <subfield code="p">vern796p</subfield>
            <subfield code="q">nope</subfield>
            <subfield code="r">vern796r</subfield>
            <subfield code="s">vern796s</subfield>
            <subfield code="t">vern796t</subfield>
            <subfield code="v">nope</subfield>
        </datafield>   
        <datafield tag="880" ind1="1" ind2=" ">
            <subfield code="6">797-02</subfield>
            <subfield code="d">vern797d</subfield>
            <subfield code="f">vern797f</subfield>
            <subfield code="g">vern797g</subfield>
            <subfield code="j">nope</subfield>
            <subfield code="k">vern797k</subfield>
            <subfield code="l">vern797l</subfield>
            <subfield code="m">vern797m</subfield>
            <subfield code="n">vern797n</subfield>
            <subfield code="o">vern797o</subfield>
            <subfield code="p">vern797p</subfield>
            <subfield code="q">nope</subfield>
            <subfield code="r">vern797r</subfield>
            <subfield code="s">vern797s</subfield>
            <subfield code="t">vern797t</subfield>
            <subfield code="v">nope</subfield>
        </datafield>   
        <datafield tag="880" ind1="1" ind2=" ">
            <subfield code="6">798-03</subfield>
            <subfield code="f">vern798f</subfield>
            <subfield code="g">vern798g</subfield>
            <subfield code="j">nope</subfield>
            <subfield code="k">vern798k</subfield>
            <subfield code="l">vern798l</subfield>
            <subfield code="m">nope</subfield>
            <subfield code="n">vern798n</subfield>
            <subfield code="o">npe</subfield>
            <subfield code="p">vern798p</subfield>
            <subfield code="r">nope</subfield>
            <subfield code="s">vern798s</subfield>
            <subfield code="t">vern798t</subfield>
        </datafield>   
        <datafield tag="880" ind1="1" ind2=" ">
            <subfield code="6">799-04</subfield>
            <subfield code="f">vern799a</subfield>
            <subfield code="f">vern799d</subfield>
            <subfield code="f">vern799f</subfield>
            <subfield code="g">vern799g</subfield>
            <subfield code="j">nope</subfield>
            <subfield code="k">vern799k</subfield>
            <subfield code="l">vern799l</subfield>
            <subfield code="m">vern799m</subfield>
            <subfield code="n">vern799n</subfield>
            <subfield code="o">vern799o</subfield>
            <subfield code="p">vern799p</subfield>
            <subfield code="q">nope</subfield>
            <subfield code="r">vern799r</subfield>
            <subfield code="s">vern799s</subfield>
            <subfield code="t">vern799t</subfield>
            <subfield code="v">nope</subfield>
        </datafield>   
    </record>