
    <!-- 800-840 search subfields -->
    <record>
        <leader>66662cim  2200457Ia 45í0</leader>
        <controlfield tag="001">a8xxVernSearch</controlfield>
        <controlfield tag="008">041202s2000    mdunnn  s      f    eng d</controlfield>
        <datafield tag="245" ind1="1" ind2=" ">
            <subfield code="a">testing 800-840 title vernacular - all searching subfields</subfield>
        </datafield>   
        <datafield tag="800" ind1="1" ind2=" ">
            <subfield code="6">880-01</subfield>
            <subfield code="a">800a</subfield>
        </datafield>   
        <datafield tag="810" ind1="1" ind2=" ">
            <subfield code="6">880-02</subfield>
            <subfield code="a">810a</subfield>
        </datafield>   
        <datafield tag="811" ind1="1" ind2=" ">
            <subfield code="6">880-03</subfield>
            <subfield code="a">811a</subfield>
        </datafield>   
        <datafield tag="830" ind1="1" ind2=" ">
            <subfield code="6">880-04</subfield>
            <subfield code="a">830a</subfield>
        </datafield>   
        <datafield tag="840" ind1="1" ind2=" ">
            <subfield code="6">880-05</subfield>
            <subfield code="a">840a</subfield>
        </datafield>   
        <datafield tag="880" ind1="1" ind2=" ">
            <subfield code="6">800-01</subfield>
            <subfield code="f">vern800f</subfield>
            <subfield code="g">vern800g</subfield>
            <subfield code="h">nope</subfield>
            <subfield code="j">vern800j</subfield>
            <subfield code="k">vern800k</subfield>
            <subfield code="l">vern800l</subfield>
            <subfield code="m">vern800m</subfield>
            <subfield code="n">vern800n</subfield>
            <subfield code="o">vern800o</subfield>
            <subfield code="p">vern800p</subfield>
            <subfield code="q">nope</subfield>
            <subfield code="r">vern800r</subfield>
            <subfield code="s">vern800s</subfield>
            <subfield code="t">vern800t</subfield>
            <subfield code="v">vern800v</subfield>
        </datafield>   
        <datafield tag="880" ind1="1" ind2=" ">
            <subfield code="6">810-02</subfield>
            <subfield code="d">vern810d</subfield>
            <subfield code="f">vern810f</subfield>
            <subfield code="g">vern810g</subfield>
            <subfield code="j">nope</subfield>
            <subfield code="k">vern810k</subfield>
            <subfield code="l">vern810l</subfield>
            <subfield code="m">vern810m</subfield>
            <subfield code="n">vern810n</subfield>
            <subfield code="o">vern810o</subfield>
            <subfield code="p">vern810p</subfield>
            <subfield code="q">nope</subfield>
            <subfield code="r">vern810r</subfield>
            <subfield code="s">vern810s</subfield>
            <subfield code="t">vern810t</subfield>
            <subfield code="v">vern810v</subfield>
        </datafield>   
        <datafield tag="880" ind1="1" ind2=" ">
            <subfield code="6">811-03</subfield>
            <subfield code="f">vern811f</subfield>
            <subfield code="g">vern811g</subfield>
            <subfield code="j">nope</subfield>
            <subfield code="k">vern811k</subfield>
            <subfield code="l">vern811l</subfield>
            <subfield code="m">nope</subfield>
            <subfield code="n">vern811n</subfield>
            <subfield code="o">npe</subfield>
            <subfield code="p">vern811p</subfield>
            <subfield code="r">nope</subfield>
            <subfield code="s">vern811s</subfield>
            <subfield code="t">vern811t</subfield>
            <subfield code="v">vern811v</subfield>
        </datafield>   
        <datafield tag="880" ind1="1" ind2=" ">
            <subfield code="6">830-04</subfield>
            <subfield code="f">vern830a</subfield>
            <subfield code="f">vern830d</subfield>
            <subfield code="f">vern830f</subfield>
            <subfield code="g">vern830g</subfield>
            <subfield code="j">nope</subfield>
            <subfield code="k">vern830k</subfield>
            <subfield code="l">vern830l</subfield>
            <subfield code="m">vern830m</subfield>
            <subfield code="n">vern830n</subfield>
            <subfield code="o">vern830o</subfield>
            <subfield code="p">vern830p</subfield>
            <subfield code="q">nope</subfield>
            <subfield code="r">vern830r</subfield>
            <subfield code="s">vern830s</subfield>
            <subfield code="t">vern830t</subfield>
            <subfield code="v">vern830v</subfield>
        </datafield>   
        <datafield tag="880" ind1="1" ind2=" ">
            <subfield code="6">840-05</subfield>
            <subfield code="a">vern840a</subfield>
            <subfield code="d">nope</subfield>
            <subfield code="v">vern840v</subfield>
        </datafield>   
    </record>