    
        
<!-- Author Search Fields - all Subfields -->    
    
    <!-- 100 search subfields-->
    <record>
        <leader>66662cim  2200457Ia 45í0</leader>
        <controlfield tag="001">a100VernSearch</controlfield>
        <controlfield tag="008">041202s2000    mdunnn  s      f    eng d</controlfield>
        <datafield tag="100" ind1="1" ind2=" ">
            <subfield code="6">880-01</subfield>
            <subfield code="a">100a</subfield>
        </datafield>   
        <datafield tag="245" ind1="1" ind2=" ">
            <subfield code="a">testing 100 author vernacular - all searching subfields</subfield>
        </datafield>   
        <datafield tag="880" ind1="1" ind2=" ">
            <subfield code="6">100-01</subfield>
            <subfield code="a">vern100a</subfield>
            <subfield code="b">vern100b</subfield>
            <subfield code="c">vern100c</subfield>
            <subfield code="d">vern100d</subfield>
            <subfield code="e">vern100e</subfield>
            <subfield code="f">none</subfield>
            <subfield code="g">vern100g</subfield>
            <subfield code="j">vern100j</subfield>
            <subfield code="q">vern100q</subfield>
            <subfield code="u">vern100u</subfield>
        </datafield>
    </record>