
    <!-- 110 search subfields -->
    <record>
        <leader>00880cam a2200217 i 4500</leader>
        <controlfield tag="001">a110VernSearch</controlfield>
        <controlfield tag="008">770207r19771901gw       b    001 0 ger d</controlfield>
        <datafield tag="110" ind1="1" ind2=" ">
            <subfield code="6">880-01</subfield>
            <subfield code="a">110a</subfield>
        </datafield>   
        <datafield tag="245" ind1="1" ind2=" ">
            <subfield code="a">testing 110 author vernacular - all searching subfields</subfield>
        </datafield>   
        <datafield tag="880" ind1="1" ind2=" ">
            <subfield code="6">110-01</subfield>
            <subfield code="a">vern110a</subfield>
            <subfield code="b">vern110b</subfield>
            <subfield code="c">vern110c</subfield>
            <subfield code="d">vern110d</subfield>
            <subfield code="e">vern110e</subfield>
            <subfield code="f">vern110f</subfield>
            <subfield code="g">vern110g</subfield>
            <subfield code="k">vern110k</subfield>
            <subfield code="n">vern110n</subfield>
            <subfield code="q">none</subfield>
            <subfield code="u">vern110u</subfield>
        </datafield>
    </record>