
    <!-- 111 search subfields -->
    <record>
        <leader>00880cam a2200217 i 4500</leader>
        <controlfield tag="001">a111VernSearch</controlfield>
        <controlfield tag="008">770207r19771901gw       b    001 0 ger d</controlfield>
        <datafield tag="111" ind1="1" ind2=" ">
            <subfield code="6">880-01</subfield>
            <subfield code="a">111a</subfield>
        </datafield>   
        <datafield tag="245" ind1="1" ind2=" ">
            <subfield code="a">testing 111 author vernacular - all searching subfields</subfield>
        </datafield>   
        <datafield tag="880" ind1="1" ind2=" ">
            <subfield code="6">111-01</subfield>
            <subfield code="a">vern111a</subfield>
            <subfield code="b">none</subfield>
            <subfield code="c">vern111c</subfield>
            <subfield code="d">vern111d</subfield>
            <subfield code="e">vern111e</subfield>
            <subfield code="f">none</subfield>
            <subfield code="g">vern111g</subfield>
            <subfield code="j">vern111j</subfield>
            <subfield code="n">vern111n</subfield>
            <subfield code="q">vern111q</subfield>
            <subfield code="u">vern111u</subfield>
        </datafield>
    </record>