
    <!-- 7xx personal name search subfields -->
    <record>
        <leader>00880cam a2200217 i 4500</leader>
        <controlfield tag="001">a7xxVernPersonSearch</controlfield>
        <controlfield tag="008">770207r19771901gw       b    001 0 ger d</controlfield>
        <datafield tag="245" ind1="1" ind2=" ">
            <subfield code="a">testing 7xx personal name author vernacular - all searching subfields</subfield>
        </datafield>   
        <datafield tag="700" ind1="1" ind2=" ">
            <subfield code="6">880-01</subfield>
            <subfield code="a">700a</subfield>
        </datafield>   
        <datafield tag="720" ind1="1" ind2=" ">
            <subfield code="6">880-02</subfield>
            <subfield code="a">720a</subfield>
        </datafield>   
        <datafield tag="796" ind1="1" ind2=" ">
            <subfield code="6">880-03</subfield>
            <subfield code="a">796a</subfield>
        </datafield>   
        <datafield tag="880" ind1="1" ind2=" ">
            <subfield code="6">700-01</subfield>
            <subfield code="a">vern700a</subfield>
            <subfield code="b">vern700b</subfield>
            <subfield code="c">vern700c</subfield>
            <subfield code="d">vern700d</subfield>
            <subfield code="e">vern700e</subfield>
            <subfield code="f">none</subfield>
            <subfield code="g">vern700g</subfield>
            <subfield code="j">vern700j</subfield>
            <subfield code="q">vern700q</subfield>
            <subfield code="u">vern700u</subfield>
        </datafield>
        <datafield tag="880" ind1="1" ind2=" ">
            <subfield code="6">720-02</subfield>
            <subfield code="a">vern720a</subfield>
            <subfield code="b">none</subfield>
            <subfield code="e">vern720e</subfield>
        </datafield>
        <datafield tag="880" ind1="1" ind2=" ">
            <subfield code="6">796-03</subfield>
            <subfield code="a">vern796a</subfield>
            <subfield code="b">vern796b</subfield>
            <subfield code="c">vern796c</subfield>
            <subfield code="d">vern796d</subfield>
            <subfield code="e">vern796e</subfield>
            <subfield code="f">none</subfield>
            <subfield code="g">vern796g</subfield>
            <subfield code="j">vern796j</subfield>
            <subfield code="q">vern796q</subfield>
            <subfield code="u">vern796u</subfield>
        </datafield>
    </record>