
    <!-- 7xx corp name search subfields-->
    <record>
        <leader>00880cam a2200217 i 4500</leader>
        <controlfield tag="001">a7xxVernCorpSearch</controlfield>
        <controlfield tag="008">770207r19771901gw       b    001 0 ger d</controlfield>
        <datafield tag="245" ind1="1" ind2=" ">
            <subfield code="a">testing 7xx corporate name author vernacular - all searching subfields</subfield>
        </datafield>   
        <datafield tag="710" ind1="1" ind2=" ">
            <subfield code="6">880-01</subfield>
            <subfield code="a">710a</subfield>
        </datafield>   
        <datafield tag="797" ind1="1" ind2=" ">
            <subfield code="6">880-02</subfield>
            <subfield code="a">797a</subfield>
        </datafield>   
        <datafield tag="880" ind1="1" ind2=" ">
            <subfield code="6">710-01</subfield>
            <subfield code="a">vern710a</subfield>
            <subfield code="b">vern710b</subfield>
            <subfield code="c">vern710c</subfield>
            <subfield code="d">vern710d</subfield>
            <subfield code="e">vern710e</subfield>
            <subfield code="f">vern710f</subfield>
            <subfield code="g">vern710g</subfield>
            <subfield code="k">vern710k</subfield>
            <subfield code="n">vern710n</subfield>
            <subfield code="q">none</subfield>
            <subfield code="u">vern710u</subfield>
        </datafield>
        <datafield tag="880" ind1="1" ind2=" ">
            <subfield code="6">797-02</subfield>
            <subfield code="a">vern797a</subfield>
            <subfield code="b">vern797b</subfield>
            <subfield code="c">vern797c</subfield>
            <subfield code="d">vern797d</subfield>
            <subfield code="e">vern797e</subfield>
            <subfield code="f">vern797f</subfield>
            <subfield code="g">vern797g</subfield>
            <subfield code="k">vern797k</subfield>
            <subfield code="n">vern797n</subfield>
            <subfield code="q">none</subfield>
            <subfield code="u">vern797u</subfield>
        </datafield>
    </record>