
    <!-- 7xx meeting name search subfields -->
    <record>
        <leader>00880cam a2200217 i 4500</leader>
        <controlfield tag="001">a7xxVernMeetingSearch</controlfield>
        <controlfield tag="008">770207r19771901gw       b    001 0 ger d</controlfield>
        <datafield tag="245" ind1="1" ind2=" ">
            <subfield code="a">testing 7xx meeting name author vernacular - all searching subfields</subfield>
        </datafield>
        <datafield tag="711" ind1="1" ind2=" ">
            <subfield code="6">880-01</subfield>
            <subfield code="a">711a</subfield>
        </datafield>   
        <datafield tag="798" ind1="1" ind2=" ">
            <subfield code="6">880-02</subfield>
            <subfield code="a">798a</subfield>
        </datafield>   
        <datafield tag="880" ind1="1" ind2=" ">
            <subfield code="6">711-01</subfield>
            <subfield code="a">vern711a</subfield>
            <subfield code="b">none</subfield>
            <subfield code="c">vern711c</subfield>
            <subfield code="d">vern711d</subfield>
            <subfield code="e">vern711e</subfield>
            <subfield code="g">vern711g</subfield>
            <subfield code="f">none</subfield>
            <subfield code="j">vern711j</subfield>
            <subfield code="n">vern711n</subfield>
            <subfield code="q">vern711q</subfield>
            <subfield code="u">vern711u</subfield>
        </datafield>
        <datafield tag="880" ind1="1" ind2=" ">
            <subfield code="6">798-02</subfield>
            <subfield code="a">vern798a</subfield>
            <subfield code="b">none</subfield>
            <subfield code="c">vern798c</subfield>
            <subfield code="d">vern798d</subfield>
            <subfield code="e">vern798e</subfield>
            <subfield code="f">none</subfield>
            <subfield code="g">vern798g</subfield>
            <subfield code="j">vern798j</subfield>
            <subfield code="n">vern798n</subfield>
            <subfield code="q">vern798q</subfield>
            <subfield code="u">vern798u</subfield>
        </datafield>
    </record>