
    <!-- 800 -->
    <record>
        <leader>00880cam a2200217 i 4500</leader>
        <controlfield tag="001">a800VernSearch</controlfield>
        <controlfield tag="008">770207r19771901gw       b    001 0 ger d</controlfield>
        <datafield tag="245" ind1="1" ind2="0">
            <subfield code="a">800 vernacular search subfields</subfield>
        </datafield>
        <datafield tag="800" ind1="1" ind2=" ">
            <subfield code="6">880-01</subfield>
            <subfield code="a">800a</subfield>
        </datafield>   
        <datafield tag="880" ind1="1" ind2=" ">
            <subfield code="6">800-01</subfield>
            <subfield code="a">vern800a</subfield>
            <subfield code="b">vern800b</subfield>
            <subfield code="c">vern800c</subfield>
            <subfield code="d">vern800d</subfield>
            <subfield code="e">vern800e</subfield>
            <subfield code="f">none</subfield>
            <subfield code="g">vern800g</subfield>
            <subfield code="j">vern800j</subfield>
            <subfield code="q">vern800q</subfield>
            <subfield code="u">vern800u</subfield>
        </datafield>
    </record>