
    <!-- 810 -->
    <record>
        <leader>00880cam a2200217 i 4500</leader>
        <controlfield tag="001">a810VernSearch</controlfield>
        <controlfield tag="008">770207r19771901gw       b    001 0 ger d</controlfield>
        <datafield tag="245" ind1="1" ind2="0">
            <subfield code="a">810 vernacular search subfields</subfield>
        </datafield>
        <datafield tag="810" ind1="1" ind2=" ">
            <subfield code="6">880-01</subfield>
            <subfield code="a">810a</subfield>
        </datafield>   
        <datafield tag="880" ind1="1" ind2=" ">
            <subfield code="6">810-01</subfield>
            <subfield code="a">vern810a</subfield>
            <subfield code="b">vern810b</subfield>
            <subfield code="c">vern810c</subfield>
            <subfield code="d">vern810d</subfield>
            <subfield code="e">vern810e</subfield>
            <subfield code="f">vern810f</subfield>
            <subfield code="g">vern810g</subfield>
            <subfield code="k">vern810k</subfield>
            <subfield code="n">vern810n</subfield>
            <subfield code="q">none</subfield>
            <subfield code="u">vern810u</subfield>
        </datafield>
    </record>