
    <!-- 811 search subfields -->
    <record>
        <leader>00880cam a2200217 i 4500</leader>
        <controlfield tag="001">a811VernSearch</controlfield>
        <controlfield tag="008">770207r19771901gw       b    001 0 ger d</controlfield>
        <datafield tag="245" ind1="1" ind2="0">
            <subfield code="a">811 vernacular search subfields</subfield>
        </datafield>
        <datafield tag="811" ind1="1" ind2=" ">
            <subfield code="6">880-01</subfield>
            <subfield code="a">811a</subfield>
        </datafield>   
        <datafield tag="880" ind1="1" ind2=" ">
            <subfield code="6">811-01</subfield>
            <subfield code="a">vern811a</subfield>
            <subfield code="b">none</subfield>
            <subfield code="c">vern811c</subfield>
            <subfield code="d">vern811d</subfield>
            <subfield code="e">vern811e</subfield>
            <subfield code="f">none</subfield>
            <subfield code="g">vern811g</subfield>
            <subfield code="j">vern811j</subfield>
            <subfield code="n">vern811n</subfield>
            <subfield code="q">vern811q</subfield>
            <subfield code="u">vern811u</subfield>
        </datafield>
    </record>