

    <!-- 300 (physical) search subfields -->
    <record>
        <leader>00880cam a2200217 i 4500</leader>
        <controlfield tag="001">a300VernSearch</controlfield>
        <controlfield tag="008">770207r19771901gw       b    001 0 ger d</controlfield>
        <datafield tag="245" ind1="1" ind2="0">
            <subfield code="a">300 (physical) vernacular search subfields</subfield>
        </datafield>
        <datafield tag="300" ind1="1" ind2=" ">
            <subfield code="6">880-01</subfield>
            <subfield code="a">300a</subfield>
        </datafield>   
        <datafield tag="880" ind1="1" ind2=" ">
            <subfield code="6">300-01</subfield>
            <subfield code="a">vern300a</subfield>
            <subfield code="b">vern300b</subfield>
            <subfield code="c">vern300c</subfield>
            <subfield code="e">vern300e</subfield>
            <subfield code="f">vern300f</subfield>
            <subfield code="g">vern300g</subfield>
        </datafield>
    </record>