
    
    <!-- chinese 880s, with repeated occurence of same field -->
    <record>
        <leader>66662cim  2200457Ia 45í0</leader>
        <controlfield tag="001">a4160530</controlfield>
        <controlfield tag="008">041202s2000    mdunnn  s      f    chi d</controlfield>
        <datafield tag="100" ind1="1" ind2=" ">
            <subfield code="6">880-01</subfield>
            <subfield code="a">Xiao, Qian,</subfield>
            <subfield code="d">1910-</subfield>
        </datafield>    
        <datafield tag="245" ind1="1" ind2="0">
            <subfield code="6">880-02</subfield>
            <subfield code="a">Xiao Qian shu xin ji /</subfield>
            <subfield code="c">[Bian zhe Fu Guangming ; ze ren bian ji Zhang Yulin].</subfield>
        </datafield>
        <datafield tag="250" ind1=" " ind2=" ">
            <subfield code="6">880-03</subfield>
            <subfield code="a">Di 1 ban.</subfield>
        </datafield>
        <datafield tag="260" ind1=" " ind2=" ">
            <subfield code="6">880-04</subfield>
            <subfield code="a">[Zhengzhou] : </subfield>
            <subfield code="b">Henan jiao yu chu ban she : </subfield>
            <subfield code="b">Henan sheng xin hua shu dian fa xing,</subfield>
            <subfield code="c">1991.</subfield>
        </datafield>
        <datafield tag="880" ind1="1" ind2=" ">
            <subfield code="6">100-01</subfield>
            <subfield code="a">萧乾,</subfield>
            <subfield code="d">1910-</subfield>
        </datafield>
        <datafield tag="880" ind1="1" ind2="0">
            <subfield code="6">245-02</subfield>
            <subfield code="a">萧乾书信集 /</subfield>
            <subfield code="c">[编者傅光明;责任编辑张玉林].</subfield>
        </datafield>
        <datafield tag="880" ind1=" " ind2=" ">
            <subfield code="6">250-03</subfield>
            <subfield code="a">第1版.</subfield>
        </datafield>
        <datafield tag="880" ind1=" " ind2=" ">
            <subfield code="6">260-04</subfield>
            <subfield code="a">[郑州]:</subfield>
            <subfield code="b">河南教育出版社:</subfield>
            <subfield code="b">河南省新华书店发行,</subfield>
            <subfield code="c">1991.</subfield>
        </datafield>
    </record>