

<!-- fake right to left language -->
    <record>
        <controlfield tag="001">aRtoL</controlfield>
        <controlfield tag="008">041202s2000    mdunnn  s      f    heb d</controlfield>
        <datafield tag="245" ind1="1" ind2=" ">
            <subfield code="6">880-01</subfield>
            <subfield code="a">a is for alligator /</subfield>
            <subfield code="c">c is for crocodile,</subfield>
            <subfield code="d">1980</subfield>
        </datafield>
        <datafield tag="880" ind1="1" ind2=" ">
            <subfield code="6">245-01</subfield>
            <subfield code="a">alligator for is a /</subfield>
            <subfield code="c">crocodile for is c,</subfield>
            <subfield code="d">1980</subfield>
        </datafield>
    </record>