
    <!-- hebrew 880s -->
    <record>
        <controlfield tag="001">ahebrew1</controlfield>
        <controlfield tag="008">041202s2000    mdunnn  s      f    yid d</controlfield>
        <datafield tag="245" ind1="1" ind2=" ">
            <subfield code="6">880-02</subfield>
            <subfield code="a">Alef bet shel Yahadut.</subfield>
        </datafield>
        <datafield tag="260" ind1=" " ind2=" ">
            <subfield code="6">880-03</subfield>
            <subfield code="a">Yerushalayim :</subfield>
            <subfield code="b">Mosad ha-Rav Ḳuḳ, </subfield>
            <subfield code="c">c1983.</subfield>
        </datafield>
        <datafield tag="880" ind1="1" ind2="0">
            <subfield code="6">245-02//r</subfield>
            <subfield code="a">אל״ף בי״ת של יהדות /</subfield>
            <subfield code="c">הלל צייטלין ; תירגם וערך מנחם ברש־רועי</subfield>
        </datafield>
        <datafield tag="880" ind1=" " ind2=" ">
            <subfield code="6">260-03//r</subfield>
            <subfield code="a">ירושלים : </subfield>
            <subfield code="b">מוסד הרב קוק, </subfield>
            <subfield code="c">c1983</subfield>
        </datafield>
    </record>